@techreport{abkowitz1978transit,
  title={Transit service reliability},
  author={Abkowitz, Mark and Slavin, H and Waksman, R and Englisher, LS and Wilson, NHM},
  year={1978},
  institution={United States. Urban Mass Transportation Administration},
  number={DOT-TSC-UMTA-78-18}
}

@inproceedings{albright2012transit,
  title={Analysis of the impacts of transit signal priority on bus bunching and performance},
  author={Albright, E and Figliozzi, MA},
  booktitle={Proceedings of the Conference on Advanced Systems for Public Transport (CASPT)},
  year={2012},
  address={Santiago, Chile},
  month={06}
}

@article{benita2021human,
  title={Human mobility behavior in COVID-19: A systematic literature review and bibliometric analysis},
  author={Benita, Francisco},
  journal={Sustainable Cities and Society},
  volume={70},
  pages={102916},
  year={2021},
  doi={10.1016/j.scs.2021.102916}
}

@article{benezech2013value,
  title={The value of service reliability},
  author={Benezech, Vincent and Coulombel, Nicolas},
  journal={Transportation Research Part B: Methodological},
  volume={58},
  pages={1--15},
  year={2013},
  doi={10.1016/j.trb.2013.09.009}
}

@article{caulfield2021trinity,
  title={Re-open our city and campus post-COVID: A case study of Trinity College Dublin, the University of Dublin},
  author={Caulfield, Brian and Browne, S and Mullin, M and Bowman, S and Kelly, C},
  journal={Case Studies on Transport Policy},
  volume={9},
  number={2},
  pages={616--625},
  year={2021},
  doi={10.1016/j.cstp.2021.03.005}
}

@article{cats2016risk,
  title={Exposing the role of exposure: Public transport network risk analysis},
  author={Cats, Oded and Yap, Menno and van Oort, Niels},
  journal={Transportation Research Part A: Policy and Practice},
  volume={88},
  pages={1--14},
  year={2016},
  doi={10.1016/j.tra.2016.03.008}
}

@techreport{deborger2021covid,
  title={Covid-19 externality and optimal transport policy},
  author={De Borger, Bruno and Proost, Stef},
  year={2021},
  institution={FEB Research Report, Department of Economics},
  note={Retrieved from institution site}
}

@misc{depthealth2022,
  title={Changes to COVID-19 public health advice from February 28th},
  author={{Department of Health}},
  year={2022},
  howpublished={\url{https://www.gov.ie/en/publication/a8eb0-changes-to-covid-19-public-health-advice-from-february-28th/}}
}

@article{diab2012understanding,
  title={Understanding the impacts of a combination of service improvement strategies on bus running time and passenger’s perception},
  author={Diab, Ehab I and El-Geneidy, Ahmed M},
  journal={Transportation Research Part A: Policy and Practice},
  volume={46},
  number={3},
  pages={614--625},
  year={2012},
  doi={10.1016/j.tra.2011.11.013}
}

@article{furth2006hidden,
  title={Service reliability and hidden waiting time: Insights from automatic vehicle location data},
  author={Furth, Peter G and Muller, T.H.J.},
  journal={Transportation Research Record},
  volume={1955},
  number={1},
  pages={79--87},
  year={2006},
  doi={10.3141/1955-10}
}

@article{furth2007optimal,
  title={Service reliability and optimal running time schedules},
  author={Furth, Peter G and Muller, T.H.J.},
  journal={Transportation Research Record},
  volume={2034},
  number={1},
  pages={55--61},
  year={2007},
  doi={10.3141/2034-07}
}

@misc{govireland2020a,
  title={Health (Preservation and Protection and other Emergency Measures in the Public Interest) Act 2020},
  author={{Government of Ireland}},
  year={2020},
  howpublished={\url{http://www.irishstatutebook.ie/eli/2020/act/1/enacted/en/html}}
}

@misc{govireland2020b,
  title={Resilience and Recovery 2020–2021: Plan for living with COVID-19},
  author={{Government of Ireland}},
  year={2020},
  howpublished={\url{https://www.gov.ie/en/publication/e5175-resilience-and-recovery-2020-2021-plan-for-living-with-covid-19/}}
}

@misc{govireland2021,
  title={Economic Recovery Plan 2021},
  author={{Government of Ireland}},
  year={2021},
  note={Department of the Taoiseach}
}

@misc{govireland2022,
  title={Government announces removal of almost all COVID-19 public health measures},
  author={{Government of Ireland}},
  year={2022},
  howpublished={\url{https://www.gov.ie/en/press-release/91f37-government-announces-removal-of-almost-all-covid-19-public-health-measures/}}
}

@article{gutierrez2021covid,
  title={COVID-19 and urban public transport services: Emerging challenges and research agenda},
  author={Guti{\'e}rrez, Antonio and Miravet, David and Dom{\`e}nech, Antoni},
  journal={Cities \& Health},
  volume={5},
  number={sup1},
  pages={S177--S180},
  year={2021},
  doi={10.1080/23748834.2020.1804291}
}

@misc{hynes2020utility,
  title={The utility of public transport in Ireland: Post COVID-19},
  author={Hynes, Michael and Malone, Patrick},
  year={2020},
  note={Publisher or source needed}
}

@article{jiang2022reliability,
  title={Reliability-based equitable transit frequency design},
  author={Jiang, Yiyuan},
  journal={Transportmetrica A: Transport Science},
  volume={18},
  number={3},
  pages={879--909},
  year={2022},
  doi={10.1080/23249935.2021.1902420}
}

@article{ma2014measuring,
  title={Measuring service reliability using automatic vehicle location data},
  author={Ma, Zhiyuan and Ferreira, Luis and Mesbah, Mahmoud},
  journal={Mathematical Problems in Engineering},
  volume={2014},
  pages={468563},
  year={2014},
  doi={10.1155/2014/468563}
}

@article{marra2022impact,
  title={The impact of COVID-19 pandemic on public transport usage and route choice: Evidences from a long-term tracking study in urban area},
  author={Marra, Andrea D and Sun, Liang and Corman, Francesco},
  journal={Transport Policy},
  volume={116},
  pages={258--268},
  year={2022},
  doi={10.1016/j.tranpol.2021.12.009}
}

@book{martens2016justice,
  title={Transport justice: Designing fair transportation systems},
  author={Martens, Karel},
  year={2016},
  publisher={Routledge}
}

@article{moreira2016online,
  title={An online learning approach to eliminate bus bunching in real-time},
  author={Moreira-Matias, Luis and Cats, Oded and Gama, Jo{\~a}o and Mendes-Moreira, Jo{\~a}o and De Sousa, Jorge F},
  journal={Applied Soft Computing},
  volume={47},
  pages={460--482},
  year={2016},
  doi={10.1016/j.asoc.2016.06.031}
}

@article{muller2001trip,
  title={Trip time analyzers: Key to transit service quality},
  author={Muller, Thomas H and Furth, Peter G},
  journal={Transportation Research Record},
  volume={1760},
  number={1},
  pages={10--19},
  year={2001},
  doi={10.3141/1760-02}
}

@misc{nta2021report,
  title={Public transport annual report 2020},
  author={{National Transport Authority}},
  year={2021},
  howpublished={\url{https://www.nationaltransport.ie}}
}

@misc{obrien2022historical,
  title={Historical LUAS real-time data},
  author={O'Brien, Eoin},
  year={2022},
  howpublished={\url{https://eoinobrien.ie/posts/historical-luas-real-time-data}}
}

@article{santos2013externalities,
  title     = {Part I: Externalities and Economic Policies in Road Transport},
  author    = {Santos, Georgina and Behrendt, Heike and Maconi, Luca and Shirvani, Taha and Teytelboym, Alexander},
  journal   = {Research in Transportation Economics},
  volume    = {28},
  number    = {1},
  pages     = {2--45},
  year      = {2013},
  publisher = {Elsevier},
  doi       = {10.1016/j.retrec.2009.11.002},
}

@inproceedings{sun2016smart,
  title={Real-time and predictive analytics for smart public transportation decision support system},
  author={Sun, Feng and Pan, Yilin and White, Jules and Dubey, Abhishek},
  booktitle={2016 IEEE International Conference on Smart Computing (SMARTCOMP)},
  pages={1--8},
  year={2016},
  organization={IEEE},
  doi={10.1109/SMARTCOMP.2016.7501714}
}

@techreport{sun2015characterizing,
  title={Characterizing travel time reliability and passenger path choice in a metro network},
  author={Sun, Liang and Jian Gang, Jeff and Lee, Der-Horng and Axhausen, Kay W},
  number={916},
  institution={Arbeitsberichte Verkehrs-und Raumplanung},
  year={2015}
}

@article{tirachini2022headway,
  title={Headway variability in public transport: A review of metrics, determinants, effects for quality of service and control strategies},
  author={Tirachini, Alejandro and Godachevich, Javiera and Cats, Oded and Mu{\~n}oz, Juan C and Soza-Parra, Julio},
  journal={Transport Reviews},
  volume={42},
  number={3},
  pages={337--361},
  year={2022},
  doi={10.1080/01441647.2022.2041173}
}

@misc{tfi_luas,
  title={About LUAS},
  author={{Transport for Ireland}},
  howpublished={\url{https://www.transportforireland.ie/getting-around/by-tram/about-luas/}},
  note={n.d.}
}

@misc{tii_luas,
  title={LUAS},
  author={{Transport Infrastructure Ireland}},
  howpublished={\url{https://www.tii.ie/en/public-transport/luas/}},
  note={n.d.-a}
}

@misc{tii_operations,
  title={Operations and maintenance},
  author={{Transport Infrastructure Ireland}},
  howpublished={\url{https://www.tii.ie/public-transport/operations-and-maintenance/}},
  note={n.d.-b}
}

@phdthesis{vanoort2011service,
  title={Service reliability and urban public transport design},
  author={van Oort, Niels},
  school={Netherlands TRAIL Research School},
  year={2011},
  address={Delft, The Netherlands},
  pages={105}
}

@article{xu2017arrival,
  title={Bus arrival time prediction with real-time and historic data},
  author={Xu, Hao and Ying, Jian},
  journal={Cluster Computing},
  volume={20},
  pages={3099--3106},
  year={2017},
  doi={10.1007/s10586-017-1006-1}
}

@article{zhang2022prediction,
  title={Travel time prediction of urban public transportation based on detection of single routes},
  author={Zhang, X and Lauber, L and Liu, H and Shi, J and Xie, M and Pan, Y},
  journal={PLOS ONE},
  volume={17},
  number={1},
  pages={e0262535},
  year={2022},
  doi={10.1371/journal.pone.0262535}
}

@article{zuniga2021estimation,
  title={Estimation and prediction of dynamic matrix travel on a public transport corridor using historical data and real-time information},
  author={Z{\'u}{\~n}iga, Felipe and Mu{\~n}oz, Juan C and Giesen, Ricardo},
  journal={Public Transport},
  volume={13},
  number={1},
  pages={59--80},
  year={2021},
  doi={10.1007/s12469-020-00243-w}
}
